
@online{_usb_????,
	title = {{USB} Data Transfer Types},
	url = {http://www.jungo.com/st/support/documentation/windriver/10.2.0/wdusb_manual.mhtml/USB_data_transfer_types.html}
}

@online{_usb_????-1,
	title = {{USB} endpoints and their pipes},
	url = {https://docs.microsoft.com/en-us/windows-hardware/drivers/usbcon/usb-endpoints-and-their-pipes},
	urldate = {2018-04-11},
	langid = {english},
	file = {Snapshot:/home/saptarshi/Zotero/storage/8BMZZ3WE/usb-endpoints-and-their-pipes.html:text/html}
}

@article{basak_usb_2018,
	title = {{USB} Debugging and Profiling Techniques},
	url = {https://elinux.org/images/1/17/USB_Debugging_and_Profiling_Techniques.pdf},
	author = {Basak, Partha and {Kishon Vijay Abraham I}},
	date = {2018-10-04}
}

@online{_debugfs_????,
	title = {Debugfs Documentation},
	url = {https://www.kernel.org/doc/Documentation/filesystems/debugfs.txt},
	titleaddon = {Linux Kernel Archives}
}

@online{_usbmon_????,
	title = {{USBMon} Documentation},
	url = {https://www.kernel.org/doc/Documentation/usb/usbmon.txt},
	titleaddon = {The Linux Kernel Archives}
}