% This file was created with JabRef 2.4.2.
% Encoding: Cp1252



@BOOK{Cover2006,
  title = {Elements of Information Theory 2nd Edition},
  publisher = {Wiley-Interscience},
  year = {2006},
  author = {Cover, Thomas M. and Thomas, Joy A. },
  series = {Wiley Series in Telecommunications and Signal Processing},
  month = {July},
  abstract = {The latest edition of this classic is updated with new problem sets
	and material<br> <br> The Second Edition of this fundamental textbook
	maintains the book's tradition of clear, thought-provoking instruction.
	Readers are provided once again with an instructive mix of mathematics,
	physics, statistics, and information theory.<br> <br> All the essential
	topics in information theory are covered in detail, including entropy,
	data compression, channel capacity, rate distortion, network information
	theory, and hypothesis testing. The authors provide readers with
	a solid understanding of the underlying theory and applications.
	Problem sets and a telegraphic summary at the end of each chapter
	further assist readers. The historical notes that follow each chapter
	recap the main points.<br> <br> The Second Edition features:<br>
	* Chapters reorganized to improve teaching<br> * 200 new problems<br>
	* New material on source coding, portfolio theory, and feedback capacity<br>
	* Updated references<br> <br> Now current and enhanced, the Second
	Edition of Elements of Information Theory remains the ideal textbook
	for upper-level undergraduate and graduate courses in electrical
	engineering, statistics, and telecommunications. <p> An Instructor's
	Manual presenting detailed solutions to all the problems in the book
	is available from the Wiley editorial department.},
  citeulike-article-id = {1877660},
  howpublished = {Hardcover},
  isbn = {0471241954},
  keywords = {information-theory},
  posted-at = {2008-10-03 14:23:36},
  priority = {2},
  url = {http://www.amazon.ca/exec/obidos/redirect?tag=citeulike09-20\&amp;path=ASIN/0471241954}
}
