
@inproceedings{schmid_experimental_2007,
  title={An experimental study of network performance impact of increased latency in software defined radios},
  author={Schmid, Thomas and Sekkat, Oussama and Srivastava, Mani B},
  booktitle={Proceedings of the second ACM international workshop on Wireless network testbeds, experimental evaluation and characterization},
  pages={59--66},
  year={2007},
  organization={ACM}
}

@online{noauthor_internet_2017,
	title = {Internet of Things outlook – Ericsson},
	rights = {https://www.ericsson.com/en/legal},
	url = {https://www.ericsson.com/en/mobility-report/reports/november-2017/internet-of-things-outlook},
	abstract = {In 2023, there will be 20 billion connected devices related to the {IoT}. Learn more about the Internet of Things outlook with the Ericsson Mobility Report.},
	titleaddon = {Ericsson.com},
	type = {{SectionStartPage}},
	urldate = {2018-08-01},
	date = {2017-11-09},
	langid = {english},
	file = {Snapshot:/home/saptarshi/Zotero/storage/TAEB7FMB/internet-of-things-outlook.html:text/html}
}

@online{noauthor_limesdr_nodate,
	title = {{LimeSDR}},
	url = {https://myriadrf.org/projects/limesdr/},
	abstract = {{LimeSDR} is a low cost, open source, apps-enabled software defined radio ({SDR}) platform that can be used to support just about any type of wireless communication standard; it can transmit and receive {UMTS}, {LTE}, {GSM}, {LoRa}, Bluetooth, Zigbee, {RFID}, and Digital Broadcasting, to name but a few.},
	titleaddon = {Myriad},
	urldate = {2018-08-01},
	langid = {british},
	file = {Snapshot:/home/saptarshi/Zotero/storage/AUCEM3RD/limesdr.html:text/html}
}

@inproceedings{nychis_enabling_nodate,
  title={Enabling MAC Protocol Implementations on Software-Defined Radios.},
  author={Nychis, George and Hottelier, Thibaud and Yang, Zhuocheng and Seshan, Srinivasan and Steenkiste, Peter},
  booktitle={NSDI},
  volume={9},
  pages={91--105},
  year={2009}
}

@article{noauthor_ieee_2016,
	title = {{IEEE} Standard for Low-Rate Wireless Networks},
	doi = {10.1109/IEEESTD.2016.7460875},
	abstract = {The protocol and compatible interconnection for data communication devices using low-data-rate, low-power, and low-complexity short-range radio frequency ({RF}) transmissions in a wireless personal area network ({WPAN}) are defined in this standard. A variety of physical layers ({PHYs}) have been defined that cover a wide variety of frequency bands.},
	pages = {1--709},
	journaltitle = {{IEEE} Std 802.15.4-2015 (Revision of {IEEE} Std 802.15.4-2011)},
	date = {2016-04},
	keywords = {ad hoc network, compatible interconnection, data communication, data communication devices, Data transmission, {IEEE} 802.15.4-2011 Revision, {IEEE} 802.15.4-2015, {IEEE} 802.15.4({TM}), {IEEE} standard, {IEEE} standards, {IEEE} Standards, low data rate, low power, Low power electronics, low-rate wireless personal area networks, {LR}-{WPAN}, Mobile communication, mobility, {PAN}, personal area network, personal area networks, Personal area networks, physical layers, protocol, protocols, radio frequency, {RF}, short range, Short range communications, short-range radio frequency transmissions, wireless, wireless personal area network, Wireless personal area networks, {WPAN}},
	file = {IEEE Xplore Abstract Record:/home/saptarshi/Zotero/storage/GGA6QJ3X/7460875.html:text/html}
}

@online{noauthor_warp_nodate,
	title = {{WARP} Project},
	url = {https://warpproject.org/trac},
	urldate = {2018-08-02},
	file = {WARP Project:/home/saptarshi/Zotero/storage/FZ6XU78U/trac.html:text/html}
}

@online{noauthor_all_nodate,
	title = {All About Direct Digital Synthesis {\textbar} Analog Devices},
	url = {http://www.analog.com/en/analog-dialogue/articles/all-about-direct-digital-synthesis.html},
	urldate = {2018-08-19},
	file = {All About Direct Digital Synthesis | Analog Devices:/home/saptarshi/Zotero/storage/RYMDPIVV/all-about-direct-digital-synthesis.html:text/html}
}

@article{risset_introduction_nodate,
	title = {Introduction to {GNU} Radio},
	pages = {66},
	author = {Risset, Tanguy},
	langid = {english},
	file = {Risset - Introduction to GNU Radio.pdf:/home/saptarshi/Zotero/storage/RQNIC66G/Risset - Introduction to GNU Radio.pdf:application/pdf}
}

@article{corgan_gnu_2015,
	title = {{GNU} Radio Runtime Operation},
	author = {Corgan, Johnathan},
	journal={GRCON 2015},
	date = {2015},
	langid = {english},
}

@online{noauthor_signals_nodate,
	title = {Signals \& Slots {\textbar} Qt 4.8},
	url = {https://doc.qt.io/archives/qt-4.8/signalsandslots.html},
	urldate = {2018-08-20},
	file = {Signals & Slots | Qt 4.8:/home/saptarshi/Zotero/storage/MPEWXFIU/signalsandslots.html:text/html}
}

@online{noauthor_limemicro:lms7002m_nodate,
	title = {{LimeMicro}:{LMS}7002M Datasheet - Myriad-{RF} Wiki},
	url = {https://wiki.myriadrf.org/LimeMicro:LMS7002M_Datasheet},
	urldate = {2018-08-23},
	file = {LimeMicro\:LMS7002M Datasheet - Myriad-RF Wiki:/home/saptarshi/Zotero/storage/2W484PXL/LimeMicroLMS7002M_Datasheet.html:text/html}
}

@inproceedings{truong_investigating_2013,
  title={Investigating latency in GNU software radio with USRP embedded series SDR platform},
  author={Truong, Nguyen B and Yu, Chansu},
  booktitle={Broadband and Wireless Computing, Communication and Applications (BWCCA), 2013 Eighth International Conference on},
  pages={9--14},
  year={2013},
  organization={IEEE}
}


@inproceedings{puschmann_implementation_2011,
  title={Implementation and evaluation of a practical SDR testbed},
  author={Puschmann, Andr{\'e} and Kalil, Mohamed A and Mitschele-Thiel, Andreas},
  booktitle={Proceedings of the 4th International Conference on Cognitive Radio and Advanced Spectrum Management},
  pages={15},
  year={2011},
  organization={ACM}
}

@online{noauthor_double_nodate,
	title = {Double Data Rate I/O ({ALTDDIO}\_IN, {ALTDDIO}\_OUT, and {ALTDDIO}\_BIDIR) {IP} Cores User Guide},
	langid = {english},
	url= {https://www.intel.com/content/dam/www/programmable/us/en/pdfs/literature/ug/ug_altddio.pdf}
}

@online{noauthor_5g-coral_nodate,
	title = {5G-{CORAL} – A 5G Convergent Virtualised Radio Access Network Living at the Edge},
	url = {http://5g-coral.eu/},
	urldate = {2018-09-29},
	langid = {british},
	file = {Snapshot:/home/saptarshi/Zotero/storage/M9I5BJ3X/5g-coral.eu.html:text/html}
}

@online{noauthor_lms7002m_nodate,
	title = {{LMS}7002M Datasheet},
	url = {https://limemicro.com/technology/lms7002m/},
	abstract = {The {LMS}7002M is Lime’s second-generation field programmable {RF} ({FPRF}) transceiver {IC} with extended functionality to cover a greater range of frequencies and applications.},
	titleaddon = {Lime Microsystems},
	urldate = {2018-09-30},
	langid = {english},
	file = {Snapshot:/home/saptarshi/Zotero/storage/UNTTTL3D/lms7002m.html:text/html}
}

@online{noauthor_iso/iec_nodate,
	title = {{ISO}/{IEC} 7498-1:1994 - Information technology -- Open Systems Interconnection -- Basic Reference Model: The Basic Model},
	url = {https://www.iso.org/standard/20269.html},
	urldate = {2018-09-30},
	file = {ISO/IEC 7498-1\:1994 - Information technology -- Open Systems Interconnection -- Basic Reference Model\: The Basic Model:/home/saptarshi/Zotero/storage/LYFEGR2I/20269.html:text/html}
}

@article{corgan_gnu_2015-1,
	title = {{GNU} Radio Runtime Operation},
	pages = {12},
	author = {Corgan, Johnathan},
	date = {2015},
	langid = {english},
	file = {Corgan - 2015 - GNU Radio Runtime Operation.pdf:/home/saptarshi/Zotero/storage/PQZUI4IY/Corgan - 2015 - GNU Radio Runtime Operation.pdf:application/pdf}
}

@inproceedings{buettner_software_2011,
  title={A software radio-based UHF RFID reader for PHY/MAC experimentation},
  author={Buettner, Michael and Wetherall, David},
  booktitle={RFID (RFID), 2011 IEEE International Conference on},
  pages={134--141},
  year={2011},
  organization={IEEE}
}


@inproceedings{bloessl_towards_2013,
  title={Towards an Open Source IEEE 802.11 p stack: A full SDR-based transceiver in GNU Radio},
  author={Bloessl, Bastian and Segata, Michele and Sommer, Christoph and Dressler, Falko},
  booktitle={Vehicular Networking Conference (VNC), 2013 IEEE},
  pages={143--149},
  year={2013},
  organization={IEEE}
}


@article{demel_lte_2015,
  title={A LTE receiver framework using GNU Radio},
  author={Demel, Johannes and Koslowski, Sebastian and Jondral, Friedrich K},
  journal={Journal of Signal Processing Systems},
  volume={78},
  number={3},
  pages={313--320},
  year={2015},
  publisher={Springer}
}


@online{noauthor_ez-usb_nodate,
	title = {{EZ}-{USB} {FX}3™ {SuperSpeed} {USB} 3.0 peripheral controller},
	url = {http://www.cypress.com/products/ez-usb-fx3-superspeed-usb-30-peripheral-controller},
	urldate = {2018-10-03},
	file = {EZ-USB FX3™ SuperSpeed USB 3.0 peripheral controller:/home/saptarshi/Zotero/storage/RDPL3LX5/ez-usb-fx3-superspeed-usb-30-peripheral-controller.html:text/html}
}


@article{ucla_phy,
  title={Gnu radio 802.15. 4 en-and decoding},
  author={Schmid, Thomas},
  journal={UCLA NESL TR-UCLA-NESL-200609-06, Tech. Rep},
  year={2006},
  publisher={Citeseer}
}


@online{noauthor_wime_nodate,
	title = {Wime Project},
	url = {https://www.wime-project.net/},
	abstract = {The Wime Project works on tools to support experimentation with wireless networks.},
	urldate = {2018-10-03},
	langid = {english},
	file = {Snapshot:/home/saptarshi/Zotero/storage/G5IWVFFF/www.wime-project.net.html:text/html}
}

@online{_usb_data_transfer,
	title = {{USB} Data Transfer Types},
	url = {http://www.jungo.com/st/support/documentation/windriver/10.2.0/wdusb_manual.mhtml/USB_data_transfer_types.html}
}

@online{_usb_endpoint,
	title = {{USB} endpoints and their pipes},
	url = {https://docs.microsoft.com/en-us/windows-hardware/drivers/usbcon/usb-endpoints-and-their-pipes},
	urldate = {2018-04-11},
	langid = {english},
}

@article{basak_usb_2018,
	title = {{USB} Debugging and Profiling Techniques},
	url = {https://elinux.org/images/1/17/USB_Debugging_and_Profiling_Techniques.pdf},
	author = {Basak, Partha and {Kishon Vijay Abraham I}},
	date = {2018-10-04}
}

@online{_debugfs,
	title = {Debugfs Documentation},
	url = {https://www.kernel.org/doc/Documentation/filesystems/debugfs.txt},
	titleaddon = {Linux Kernel Archives}
}

@online{_usbmon,
	title = {{USBMon} Documentation},
	url = {https://www.kernel.org/doc/Documentation/usb/usbmon.txt},
	titleaddon = {The Linux Kernel Archives}
}

@article{ulversoy2010software,
  title={Software defined radio: Challenges and opportunities},
  author={Ulversoy, Tore},
  journal={IEEE Communications Surveys \& Tutorials},
  volume={12},
  number={4},
  pages={531--550},
  year={2010},
  publisher={IEEE}
}

@article{bloessl2013gnu,
  title={A GNU radio-based IEEE 802.15. 4 testbed},
  author={Bloessl, Bastian and Leitner, Christoph and Dressler, Falko and Sommer, Christoph},
  journal={12. GI/ITG KuVS Fachgespr{\"a}ch Drahtlose Sensornetze (FGSN 2013)},
  pages={37--40},
  year={2013}
}

@misc{noauthor_direct_2018,
	title = {Direct digital synthesis},
	copyright = {Creative Commons Attribution-ShareAlike License},
	url = {https://en.wikipedia.org/w/index.php?title=Direct_digital_synthesis&oldid=864523777},
	abstract = {Direct digital synthesis (DDS) is a method employed by frequency synthesizers used for creating arbitrary waveforms from a single, fixed-frequency reference clock. DDS is used in applications such as signal generation, local oscillators in communication systems, function generators, mixers, modulators, sound synthesizers and as part of a digital phase-locked loop.},
	urldate = {2018-12-04},
	journal = {Wikipedia},
	month = oct,
	year = {2018},
	file = {Snapshot:/home/saptarshi/Zotero/storage/3C2MTGGY/index.html:text/html}
}


@misc{noauthor_differences_2016,
	title = {The {Differences} {Between} {Receiver} {Types}, {Part} 1},
	url = {https://www.mwrf.com/systems/differences-between-receiver-types-part-1},
	abstract = {This article, the first in a two-part series, examines various receiver implementations along with the characteristics that describe receiver performance.},
	urldate = {2018-12-04},
	journal = {Microwaves \& Radio Frequency},
	month = feb,
	year = {2016},
	file = {Snapshot:/home/saptarshi/Zotero/storage/ZGS9PRCN/differences-between-receiver-types-part-1.html:text/html}
}


@misc{fx_getting_nodate,
	title = {Getting {Started} with {EZ}-{USB}® {FX}3™},
	url={http://www.cypress.com/file/139296/download},
	urldate={2018-12-04}
}


@misc{noauthor_ipv6_nodate,
	title = {{IPv}6 over {Low} power {WPAN} (6lowpan)},
	url = {https://datatracker.ietf.org/wg/6lowpan/about/},
	urldate = {2018-12-04},
	file = {IPv6 over Low power WPAN (6lowpan) -:/home/saptarshi/Zotero/storage/C2LYY9GM/about.html:text/html}
}

@misc{noauthor_zigbee_nodate,
	title = {Zigbee {Alliance}},
	url = {https://www.zigbee.org/},
	urldate = {2018-12-04},
	journal = {Zigbee Alliance},
	file = {Snapshot:/home/saptarshi/Zotero/storage/3MR8RDRE/www.zigbee.org.html:text/html}
}

@misc{noauthor_hart_2016,
	title = {{HART}},
	url = {https://fieldcommgroup.org/technologies/hart},
	abstract = {HART is by far the largest digital communications technology deployed in the process industries with over 40 million field instruments supporting HART technology installed worldwide.},
	urldate = {2018-12-04},
	journal = {FieldComm Group},
	month = mar,
	year = {2016},
	file = {Snapshot:/home/saptarshi/Zotero/storage/MTQR2VU7/hart.html:text/html}
}